%% This BibTeX bibliography file was created using BibDesk.
%% http://bibdesk.sourceforge.net/

%% Created for Zheng at 2017-02-09 12:52:55 -0500 


%% Saved with string encoding Unicode (UTF-8) 



@book{StockWatson2011,
	Address = {Boston},
	Author = {Stock, James H and Watson., Mark W.},
	Date-Modified = {2017-02-09 17:52:41 +0000},
	Edition = {3rd},
	Keywords = {econometrics},
	Mendeley-Tags = {econometrics},
	Pages = {Introduction to econometrics},
	Publisher = {Addison Wesley Longman},
	Title = {{Introduction to Econometrics}},
	Year = {2011}}
